@article{lyon,
    author = {Lyon, R. J. and Stappers, B. W. and Cooper, S. and Brooke, J. M. and Knowles, J. D.},
    title = "{Fifty years of pulsar candidate selection: from simple filters to a new principled real-time classification approach}",
    journal = {Monthly Notices of the Royal Astronomical Society},
    volume = {459},
    number = {1},
    pages = {1104-1123},
    year = {2016},
    month = {04},
    doi = {10.1093/mnras/stw656}
}
@book{lorimer,
       author = {{Lorimer}, D.~R. and {Kramer}, M.},
        title = "{Handbook of Pulsar Astronomy}",
         year = {2005},
       volume = {4},
       adsurl = {https://ui.adsabs.harvard.edu/abs/2004hpa..book.....L},
      adsnote = {Provided by the SAO/NASA Astrophysics Data System},
      publisher = {Cambridge University Press},
      location = {Cambridge, United Kingdom}
}

@thesis{swainston,
  author = {Nick Swainston},
  title  = {Investigating the Low-Frequency Population of Southern Pulsars with the MWA: Milestone 2},
  school = {International Centre for Radio Astronomy Research},
  year   = {2020}
}


@book{maoz,
  author    = {Dan Maoz},
  title     = {Astrophysics in a Nutshell},
  publisher = {Princeton University Press},
  year      = {2016},
  edition   = {2},
  location  = {Princeton, New Jersey},
  pages     = {64-94}
}

@article{tan,
  author  = {C. M. Tan and R. J. Lyon and B. W. Stappers and S. Cooper and J. W. T. Hessels and V. I. Kondratiev and D. Michilli and S. Sanidas},
  title   = {Ensemble candidate classification for the LOTAAS pulsar survey},
  journal = {Monthly Notices of the Royal Astronomical Society},
  volume  = {474},
  number  = {4},
  year    = {2017},
  doi     = {10.1093/mnras/stx3047},
  pages   = {4571-4583}
}

@article{quinlan,
  author  = {J. R. Quinlan},
  title   = {Decision Trees as Probabilistic Classifiers},
  journal = {Proceedings of the Fourth International Workshop of Machine Learning},
  volume  = {1},
  year    = {1987},
  pages   = {31--37},
  publisher = {University of California, Irvine}
}

@online{swainston:git,
  author = {Keegan Smith and Nick Swainston},
  title = {MWA Search Classifier Nextflow Script},
  year  = {2019},
  url   = {https://github.com/NickSwainston/mwa_search/blob/master/nextflow/classifier.nf},
  urldate = {11 February 2020}
}

@article{hewish:pulsar,
  author  = {A. Hewish and S. J. Bell and J. D. H. Pilkington and P. F. Scott and R. A. Collins},
  title   = {Observation of Rapidly Pulsating Radio Source},
  journal = {Nature},
  volume  = {217},
  year    = {1968},
  pages   = {709--713},
  doi     = {10.1038/217709a0}
}

@article{gold:pulsar,
  author  = {Thomas Gold},
  title   = {Rotating Neutron Stars and the Nature of Pulsars},
  journal = {Nature},
  volume  = {221},
  year    = {1969},
  doi     = {10.1038/221025a0},
  pages   = {25--27}
}

@article{ostriker:pulsar,
       author = {{Ostriker}, J.~P. and {Gunn}, J.~E.},
        title = "{On the Nature of Pulsars. I. Theory}",
      journal = {Astrophysical Journal},
         year = 1969,
        month = sep,
       volume = {157},
        pages = {1395},
          doi = {10.1086/150160},
}

@online{swainston:data,
  author       = {Nick Swainston},
  title        = {Classifier Training Dataset V1},
  publisher    = {Curtin Institute of Radio Astronomy},
  year         = {2020},
  url          = {https://www.dropbox.com/sh/dwd50nzfb41es8k/AABAJ28UkgRLHnNc8WOaeOBwa?dl=0}
}

@ARTICLE{helfand:profiles,
       author = {{Helfand}, D.~J. and {Manchester}, R.~N. and {Taylor}, J.~H.},
        title = "{Observations of pulsar radio emission. III. Stability of integrated profiles.}",
      journal = {Astrophysical Journal},
     keywords = {Propagation Modes, Pulsars, Radio Emission, Long Term Effects, Numerical Stability, Radio Astronomy, Secular Variations, Astronomy},
         year = 1975,
        month = jun,
       volume = {198},
        pages = {661-670},
          doi = {10.1086/153644},
}

@article{matsakis:pulars,
  author  = {Matsakis, D. N. and Taylor, J. H. and Eubanks, T. M.},
  title   = {A statistic for describing pulsar and clock stabilities.},
  journal = {Astronomy and Astrophysics},
  volume  = {326},
  year    = {1997},
  pages   = {924--928}
}

@article{valiant,
  author  = {L. G. Valiant},
  title   = {A Theory of the Learnable},
  journal = {Communications of the ACM},
  volume  = {27},
  number  = {11},
  year    = {1984},
  pages   = {1134--1142},
  doi     = {10.1145/1968.1972}
}

@article{dietterich,
  author  = {Dietterich},
  title   = {Approximate Statistical Tests for Comparing Supervised Classification Learning Algorithms},
  journal = {Neural Computation},
  volume  = {10},
  number  = {7},
  year    = {1998},
  pages   = {1895--1923},
  doi     = {10.1162/089976698300017197}
}
